<?xml version="1.0" encoding="UTF-8"?><collection xmlns="http://www.loc.gov/MARC21/slim"><record><leader>00575nam--2200181-u-4500</leader><controlfield tag="001">000053454</controlfield><controlfield tag="002">20161230</controlfield><controlfield tag="005">20161230201051</controlfield><controlfield tag="008">110405s1000------------r-----000-0-eng-d</controlfield><datafield ind1=" " ind2=" " tag="020"><subfield code="a">0444519149</subfield></datafield><datafield ind1=" " ind2=" " tag="040"><subfield code="a">IFIN-HH</subfield></datafield><datafield ind1=" " ind2=" " tag="080"><subfield code="a">50-051(082.2)</subfield></datafield><datafield ind1="1" ind2=" " tag="100"><subfield code="a">Aaserud, Finn</subfield></datafield><datafield ind1="1" ind2="0" tag="245"><subfield code="a">Niels bohr: politics, popularization and people</subfield><subfield code="b">A booklet on the occasion of the world year of physics</subfield><subfield code="c">Finn aaserud (general editor of the niels bohr collected works)</subfield></datafield><datafield ind1=" " ind2=" " tag="260"><subfield code="a">Amsterdam</subfield><subfield code="b">Elsevier B.V</subfield><subfield code="c">2005</subfield></datafield><datafield ind1=" " ind2=" " tag="300"><subfield code="a">76P</subfield></datafield><datafield ind1=" " ind2=" " tag="852"><subfield code="a">82243</subfield><subfield code="c">92</subfield></datafield><datafield ind1=" " ind2=" " tag="CAT"><subfield code="a">Sys</subfield><subfield code="c">20110405</subfield><subfield code="h">134158</subfield></datafield></record></collection>